@article{de1996unsupervised,
    title={Unsupervised language acquisition},
    author={De Marcken, Carl},
    journal={arXiv preprint cmp-lg/9611002},
    year={1996}
}

@inproceedings{de1996linguistic2,
    title={Linguistic structure as composition and perturbation},
    author={De Marcken, Carl},
    booktitle={Proceedings of the 34th annual meeting on Association for Computational Linguistics},
    pages={335--341},
    year={1996},
    organization={Association for Computational Linguistics}
}

@article{rissanen1978modeling,
    title={Modeling by shortest data description},
    author={Rissanen, Jorma},
    journal={Automatica},
    volume={14},
    number={5},
    pages={465--471},
    year={1978},
    publisher={Elsevier}
}

@MANUAL{browncorpus,
    title        = "A Standard Corpus of Present-Day Edited American English, for use with Digital Computers (Brown)",
    author       = "Compiled by W. N. Francis and H. Kuƒçera",
    organization = "Brown University",
    address      = "Providence, Rhode Island",
    year         = "1964, 1971, 1979"
}
